
  <record>
   <header>
    <identifier>libero-publish:15656566</identifier>
   </header>
   <metadata>
    <record xmlns="http://www.ddb.de/professionell/mabxml/mabxml-1.xsd">
     <leader>00787nM2.01200024||||||h</leader>
     <controlfield tag="LDR">00787nM2.01200024||||||h</controlfield>
     <controlfield tag="SYS">15656566</controlfield>
    <datafield tag="000" ind1="" ind2="">
      <subfield code="a">15656566</subfield>
    </datafield>
    <datafield tag="001" ind1=" " ind2="">
      <subfield code="a">274421720</subfield>
    </datafield>
    <datafield tag="002" ind1="a" ind2="">
      <subfield code="a">20071123</subfield>
    </datafield>
    <datafield tag="003" ind1=" " ind2="">
      <subfield code="a">20121127155136</subfield>
    </datafield>
    <datafield tag="026" ind1=" " ind2="">
      <subfield code="a">BSZ274421720</subfield>
    </datafield>
    <datafield tag="029" ind1="m" ind2="">
      <subfield code="a">MB</subfield>
    </datafield>
    <datafield tag="030" ind1=" " ind2="">
      <subfield code="a">a|zu|||z|0014</subfield>
    </datafield>
    <datafield tag="050" ind1=" " ind2="">
      <subfield code="a">|||||aa|||||||</subfield>
    </datafield>
    <datafield tag="051" ind1=" " ind2="">
      <subfield code="a">nm|||||</subfield>
    </datafield>
    <datafield tag="070" ind1="a" ind2="">
      <subfield code="a">BSZ</subfield>
    </datafield>
    <datafield tag="076" ind1="a" ind2="">
      <subfield code="a">muto</subfield>
    </datafield>
    <datafield tag="076" ind1="b" ind2="">
      <subfield code="a">mb</subfield>
    </datafield>
    <datafield tag="076" ind1="c" ind2="">
      <subfield code="a">cdda</subfield>
    </datafield>
    <datafield tag="080" ind1=" " ind2="">
      <subfield code="a">MAHMHM</subfield>
    </datafield>
    <datafield tag="100" ind1=" " ind2="">
      <subfield code="a">Spohr, Louis</subfield>
    </datafield>
    <datafield tag="102" ind1="b" ind2="">
      <subfield code="a">166000949</subfield>
    </datafield>
    <datafield tag="102" ind1="x" ind2="">
      <subfield code="_">1413566</subfield>
      <subfield code="a">###</subfield>
      <subfield code="b"> </subfield>
      <subfield code="c">01217nM2.01200024      p</subfield>
    </datafield>
    <datafield tag="102" ind1="x" ind2="">
      <subfield code="_">1413566</subfield>
      <subfield code="a">001</subfield>
      <subfield code="b"> </subfield>
      <subfield code="c">166000949</subfield>
    </datafield>
    <datafield tag="102" ind1="x" ind2="">
      <subfield code="_">1413566</subfield>
      <subfield code="a">002</subfield>
      <subfield code="b">a</subfield>
      <subfield code="c">19891116</subfield>
    </datafield>
    <datafield tag="102" ind1="x" ind2="">
      <subfield code="_">1413566</subfield>
      <subfield code="a">003</subfield>
      <subfield code="b"> </subfield>
      <subfield code="c">20121011071006</subfield>
    </datafield>
    <datafield tag="102" ind1="x" ind2="">
      <subfield code="_">1413566</subfield>
      <subfield code="a">028</subfield>
      <subfield code="b"> </subfield>
      <subfield code="c">118616366</subfield>
    </datafield>
    <datafield tag="102" ind1="x" ind2="">
      <subfield code="_">1413566</subfield>
      <subfield code="a">028</subfield>
      <subfield code="b">a</subfield>
      <subfield code="c">188110828</subfield>
    </datafield>
    <datafield tag="102" ind1="x" ind2="">
      <subfield code="_">1413566</subfield>
      <subfield code="a">028</subfield>
      <subfield code="b">a</subfield>
      <subfield code="c">118616366</subfield>
    </datafield>
    <datafield tag="102" ind1="x" ind2="">
      <subfield code="_">1413566</subfield>
      <subfield code="a">028</subfield>
      <subfield code="b">c</subfield>
      <subfield code="c">4056343-1</subfield>
    </datafield>
    <datafield tag="102" ind1="x" ind2="">
      <subfield code="_">1413566</subfield>
      <subfield code="a">030</subfield>
      <subfield code="b"> </subfield>
      <subfield code="c">za1ucrz||||||</subfield>
    </datafield>
    <datafield tag="102" ind1="x" ind2="">
      <subfield code="_">1413566</subfield>
      <subfield code="a">036</subfield>
      <subfield code="b">c</subfield>
      <subfield code="c">XA-DE</subfield>
    </datafield>
    <datafield tag="102" ind1="x" ind2="">
      <subfield code="_">1413566</subfield>
      <subfield code="a">040</subfield>
      <subfield code="b"> </subfield>
      <subfield code="c">14.4p</subfield>
    </datafield>
    <datafield tag="102" ind1="x" ind2="">
      <subfield code="_">1413566</subfield>
      <subfield code="a">065</subfield>
      <subfield code="b"> </subfield>
      <subfield code="c">am||</subfield>
    </datafield>
    <datafield tag="102" ind1="x" ind2="">
      <subfield code="_">1413566</subfield>
      <subfield code="a">068</subfield>
      <subfield code="b">a</subfield>
      <subfield code="c">a</subfield>
    </datafield>
    <datafield tag="102" ind1="x" ind2="">
      <subfield code="_">1413566</subfield>
      <subfield code="a">068</subfield>
      <subfield code="b">a</subfield>
      <subfield code="c">f</subfield>
    </datafield>
    <datafield tag="102" ind1="x" ind2="">
      <subfield code="_">1413566</subfield>
      <subfield code="a">068</subfield>
      <subfield code="b">e</subfield>
      <subfield code="c">v</subfield>
    </datafield>
    <datafield tag="102" ind1="x" ind2="">
      <subfield code="_">1413566</subfield>
      <subfield code="a">068</subfield>
      <subfield code="b">e</subfield>
      <subfield code="c">w</subfield>
    </datafield>
    <datafield tag="102" ind1="x" ind2="">
      <subfield code="_">1413566</subfield>
      <subfield code="a">076</subfield>
      <subfield code="b">z</subfield>
      <subfield code="c">800 Spohr, Louis++118616366++pnd</subfield>
    </datafield>
    <datafield tag="102" ind1="x" ind2="">
      <subfield code="_">1413566</subfield>
      <subfield code="a">076</subfield>
      <subfield code="b">z</subfield>
      <subfield code="c">800 Spohr, Louis++188110828++pnd</subfield>
    </datafield>
    <datafield tag="102" ind1="x" ind2="">
      <subfield code="_">1413566</subfield>
      <subfield code="a">080</subfield>
      <subfield code="b"> </subfield>
      <subfield code="c">PND</subfield>
    </datafield>
    <datafield tag="102" ind1="x" ind2="">
      <subfield code="_">1413566</subfield>
      <subfield code="a">800</subfield>
      <subfield code="b"> </subfield>
      <subfield code="c">Spohr, Louis</subfield>
    </datafield>
    <datafield tag="102" ind1="x" ind2="">
      <subfield code="_">1413566</subfield>
      <subfield code="a">814</subfield>
      <subfield code="b">a</subfield>
      <subfield code="c">05.04.1784 - 22.10.1859</subfield>
    </datafield>
    <datafield tag="102" ind1="x" ind2="">
      <subfield code="_">1413566</subfield>
      <subfield code="a">815</subfield>
      <subfield code="b">a</subfield>
      <subfield code="c">1784 - 1859</subfield>
    </datafield>
    <datafield tag="102" ind1="x" ind2="">
      <subfield code="_">1413566</subfield>
      <subfield code="a">815</subfield>
      <subfield code="b">c</subfield>
      <subfield code="c">208874119           Braunschweig</subfield>
    </datafield>
    <datafield tag="102" ind1="x" ind2="">
      <subfield code="_">1413566</subfield>
      <subfield code="a">815</subfield>
      <subfield code="b">d</subfield>
      <subfield code="c">208984593           Kassel</subfield>
    </datafield>
    <datafield tag="102" ind1="x" ind2="">
      <subfield code="_">1413566</subfield>
      <subfield code="a">815</subfield>
      <subfield code="b">f</subfield>
      <subfield code="c">m</subfield>
    </datafield>
    <datafield tag="102" ind1="x" ind2="">
      <subfield code="_">1413566</subfield>
      <subfield code="a">815</subfield>
      <subfield code="b">i</subfield>
      <subfield code="c">208995269           Komponist</subfield>
    </datafield>
    <datafield tag="102" ind1="x" ind2="">
      <subfield code="_">1413566</subfield>
      <subfield code="a">815</subfield>
      <subfield code="b">o</subfield>
      <subfield code="c">209042435           Musiker</subfield>
    </datafield>
    <datafield tag="102" ind1="x" ind2="">
      <subfield code="_">1413566</subfield>
      <subfield code="a">815</subfield>
      <subfield code="b">o</subfield>
      <subfield code="c">212030329           Kapellmeister</subfield>
    </datafield>
    <datafield tag="102" ind1="x" ind2="">
      <subfield code="_">1413566</subfield>
      <subfield code="a">815</subfield>
      <subfield code="b">o</subfield>
      <subfield code="c">209826126           Geiger</subfield>
    </datafield>
    <datafield tag="102" ind1="x" ind2="">
      <subfield code="_">1413566</subfield>
      <subfield code="a">815</subfield>
      <subfield code="b">o</subfield>
      <subfield code="c">208898441           Dirigent</subfield>
    </datafield>
    <datafield tag="102" ind1="x" ind2="">
      <subfield code="_">1413566</subfield>
      <subfield code="a">816</subfield>
      <subfield code="b"> </subfield>
      <subfield code="c">Spohr, Louis: Der Liederhort. - 1855</subfield>
    </datafield>
    <datafield tag="102" ind1="x" ind2="">
      <subfield code="_">1413566</subfield>
      <subfield code="a">816</subfield>
      <subfield code="b"> </subfield>
      <subfield code="c">Spohr, Louis: Premi�re Symphonie. - s. a.</subfield>
    </datafield>
    <datafield tag="102" ind1="x" ind2="">
      <subfield code="_">1413566</subfield>
      <subfield code="a">816</subfield>
      <subfield code="b"> </subfield>
      <subfield code="c">Spohr, Louis: Hymne an die Heilige C�cilie. - s. a.</subfield>
    </datafield>
    <datafield tag="102" ind1="x" ind2="">
      <subfield code="_">1413566</subfield>
      <subfield code="a">816</subfield>
      <subfield code="b"> </subfield>
      <subfield code="c">Spohr, Louis: Irdisches u. G�ttliches im Menschenleben. - s. a.</subfield>
    </datafield>
    <datafield tag="102" ind1="x" ind2="">
      <subfield code="_">1413566</subfield>
      <subfield code="a">816</subfield>
      <subfield code="b"> </subfield>
      <subfield code="c">Spohr, Louis: Ouverture zur Oper Jessonda. - s. a.</subfield>
    </datafield>
    <datafield tag="102" ind1="x" ind2="">
      <subfield code="_">1413566</subfield>
      <subfield code="a">816</subfield>
      <subfield code="b"> </subfield>
      <subfield code="c">Spohr, Louis: Jessonda. - s. a.</subfield>
    </datafield>
    <datafield tag="102" ind1="x" ind2="">
      <subfield code="_">1413566</subfield>
      <subfield code="a">816</subfield>
      <subfield code="b"> </subfield>
      <subfield code="c"><![CDATA[Spohr, Louis: Recitativ u. Arie aus &quot;Faust&quot;]]></subfield>
    </datafield>
    <datafield tag="102" ind1="x" ind2="">
      <subfield code="_">1413566</subfield>
      <subfield code="a">816</subfield>
      <subfield code="b"> </subfield>
      <subfield code="c">Spohr, Louis: Violinschule. - [1832]</subfield>
    </datafield>
    <datafield tag="102" ind1="x" ind2="">
      <subfield code="_">1413566</subfield>
      <subfield code="a">816</subfield>
      <subfield code="b"> </subfield>
      <subfield code="c">Spohr, Louis: Louis Spohrs Selbstbiographie</subfield>
    </datafield>
    <datafield tag="102" ind1="x" ind2="">
      <subfield code="_">1413566</subfield>
      <subfield code="a">816</subfield>
      <subfield code="b"> </subfield>
      <subfield code="c">Spohr, Louis: Nonett, F-Dur</subfield>
    </datafield>
    <datafield tag="102" ind1="x" ind2="">
      <subfield code="_">1413566</subfield>
      <subfield code="a">820</subfield>
      <subfield code="b">k</subfield>
      <subfield code="c">Spohr, Louis</subfield>
    </datafield>
    <datafield tag="102" ind1="x" ind2="">
      <subfield code="_">1413566</subfield>
      <subfield code="a">830</subfield>
      <subfield code="b"> </subfield>
      <subfield code="c">Spohr, Luigi</subfield>
    </datafield>
    <datafield tag="102" ind1="x" ind2="">
      <subfield code="_">1413566</subfield>
      <subfield code="a">830</subfield>
      <subfield code="b"> </subfield>
      <subfield code="c">Spohr, Ludewig</subfield>
    </datafield>
    <datafield tag="102" ind1="x" ind2="">
      <subfield code="_">1413566</subfield>
      <subfield code="a">830</subfield>
      <subfield code="b"> </subfield>
      <subfield code="c">Spohr, ...</subfield>
    </datafield>
    <datafield tag="102" ind1="x" ind2="">
      <subfield code="_">1413566</subfield>
      <subfield code="a">830</subfield>
      <subfield code="b"> </subfield>
      <subfield code="c">?por, Ljudvig</subfield>
    </datafield>
    <datafield tag="102" ind1="x" ind2="">
      <subfield code="_">1413566</subfield>
      <subfield code="a">830</subfield>
      <subfield code="b"> </subfield>
      <subfield code="c">Spohr, Ludwig</subfield>
    </datafield>
    <datafield tag="102" ind1="x" ind2="">
      <subfield code="_">1413566</subfield>
      <subfield code="a">830</subfield>
      <subfield code="b"> </subfield>
      <subfield code="c">Spohr, Luis</subfield>
    </datafield>
    <datafield tag="102" ind1="x" ind2="">
      <subfield code="_">1413566</subfield>
      <subfield code="a">830</subfield>
      <subfield code="b"> </subfield>
      <subfield code="c">Spohr, L.</subfield>
    </datafield>
    <datafield tag="104" ind1="e" ind2="">
      <subfield code="a">Hoelscher, Ulf</subfield>
    </datafield>
    <datafield tag="106" ind1="b" ind2="">
      <subfield code="a">169975681</subfield>
    </datafield>
    <datafield tag="106" ind1="x" ind2="">
      <subfield code="_">2008149</subfield>
      <subfield code="a">###</subfield>
      <subfield code="b"> </subfield>
      <subfield code="c">00635nM2.01200024      p</subfield>
    </datafield>
    <datafield tag="106" ind1="x" ind2="">
      <subfield code="_">2008149</subfield>
      <subfield code="a">001</subfield>
      <subfield code="b"> </subfield>
      <subfield code="c">169975681</subfield>
    </datafield>
    <datafield tag="106" ind1="x" ind2="">
      <subfield code="_">2008149</subfield>
      <subfield code="a">002</subfield>
      <subfield code="b">a</subfield>
      <subfield code="c">19921229</subfield>
    </datafield>
    <datafield tag="106" ind1="x" ind2="">
      <subfield code="_">2008149</subfield>
      <subfield code="a">003</subfield>
      <subfield code="b"> </subfield>
      <subfield code="c">20130318202446</subfield>
    </datafield>
    <datafield tag="106" ind1="x" ind2="">
      <subfield code="_">2008149</subfield>
      <subfield code="a">028</subfield>
      <subfield code="b"> </subfield>
      <subfield code="c">122080874</subfield>
    </datafield>
    <datafield tag="106" ind1="x" ind2="">
      <subfield code="_">2008149</subfield>
      <subfield code="a">028</subfield>
      <subfield code="b">a</subfield>
      <subfield code="c">122080874</subfield>
    </datafield>
    <datafield tag="106" ind1="x" ind2="">
      <subfield code="_">2008149</subfield>
      <subfield code="a">028</subfield>
      <subfield code="b">c</subfield>
      <subfield code="c">4592418-1</subfield>
    </datafield>
    <datafield tag="106" ind1="x" ind2="">
      <subfield code="_">2008149</subfield>
      <subfield code="a">030</subfield>
      <subfield code="b"> </subfield>
      <subfield code="c">za1ucrz||||||</subfield>
    </datafield>
    <datafield tag="106" ind1="x" ind2="">
      <subfield code="_">2008149</subfield>
      <subfield code="a">036</subfield>
      <subfield code="b">c</subfield>
      <subfield code="c">XA-DE-BY</subfield>
    </datafield>
    <datafield tag="106" ind1="x" ind2="">
      <subfield code="_">2008149</subfield>
      <subfield code="a">040</subfield>
      <subfield code="b"> </subfield>
      <subfield code="c">14.4p</subfield>
    </datafield>
    <datafield tag="106" ind1="x" ind2="">
      <subfield code="_">2008149</subfield>
      <subfield code="a">065</subfield>
      <subfield code="b"> </subfield>
      <subfield code="c">am||</subfield>
    </datafield>
    <datafield tag="106" ind1="x" ind2="">
      <subfield code="_">2008149</subfield>
      <subfield code="a">068</subfield>
      <subfield code="b">a</subfield>
      <subfield code="c">f</subfield>
    </datafield>
    <datafield tag="106" ind1="x" ind2="">
      <subfield code="_">2008149</subfield>
      <subfield code="a">068</subfield>
      <subfield code="b">a</subfield>
      <subfield code="c">m</subfield>
    </datafield>
    <datafield tag="106" ind1="x" ind2="">
      <subfield code="_">2008149</subfield>
      <subfield code="a">068</subfield>
      <subfield code="b">e</subfield>
      <subfield code="c">m</subfield>
    </datafield>
    <datafield tag="106" ind1="x" ind2="">
      <subfield code="_">2008149</subfield>
      <subfield code="a">076</subfield>
      <subfield code="b">z</subfield>
      <subfield code="c">800 Hoelscher, Ulf++122080874++pnd</subfield>
    </datafield>
    <datafield tag="106" ind1="x" ind2="">
      <subfield code="_">2008149</subfield>
      <subfield code="a">080</subfield>
      <subfield code="b"> </subfield>
      <subfield code="c">PND</subfield>
    </datafield>
    <datafield tag="106" ind1="x" ind2="">
      <subfield code="_">2008149</subfield>
      <subfield code="a">800</subfield>
      <subfield code="b"> </subfield>
      <subfield code="c">Hoelscher, Ulf</subfield>
    </datafield>
    <datafield tag="106" ind1="x" ind2="">
      <subfield code="_">2008149</subfield>
      <subfield code="a">814</subfield>
      <subfield code="b">u</subfield>
      <subfield code="c">Dt. Geiger</subfield>
    </datafield>
    <datafield tag="106" ind1="x" ind2="">
      <subfield code="_">2008149</subfield>
      <subfield code="a">814</subfield>
      <subfield code="b">a</subfield>
      <subfield code="c">17.01.1942 -</subfield>
    </datafield>
    <datafield tag="106" ind1="x" ind2="">
      <subfield code="_">2008149</subfield>
      <subfield code="a">815</subfield>
      <subfield code="b">m</subfield>
      <subfield code="c">298022389           Hoelscher, Gunhild</subfield>
    </datafield>
    <datafield tag="106" ind1="x" ind2="">
      <subfield code="_">2008149</subfield>
      <subfield code="a">815</subfield>
      <subfield code="b">v</subfield>
      <subfield code="c">Schwester</subfield>
    </datafield>
    <datafield tag="106" ind1="x" ind2="">
      <subfield code="_">2008149</subfield>
      <subfield code="a">815</subfield>
      <subfield code="b">m</subfield>
      <subfield code="c">317364332           Haiberg, Uwe-Martin</subfield>
    </datafield>
    <datafield tag="106" ind1="x" ind2="">
      <subfield code="_">2008149</subfield>
      <subfield code="a">815</subfield>
      <subfield code="b">v</subfield>
      <subfield code="c">Bruder</subfield>
    </datafield>
    <datafield tag="106" ind1="x" ind2="">
      <subfield code="_">2008149</subfield>
      <subfield code="a">815</subfield>
      <subfield code="b">f</subfield>
      <subfield code="c">m</subfield>
    </datafield>
    <datafield tag="106" ind1="x" ind2="">
      <subfield code="_">2008149</subfield>
      <subfield code="a">815</subfield>
      <subfield code="b">i</subfield>
      <subfield code="c">209042435           Musiker</subfield>
    </datafield>
    <datafield tag="106" ind1="x" ind2="">
      <subfield code="_">2008149</subfield>
      <subfield code="a">815</subfield>
      <subfield code="b">o</subfield>
      <subfield code="c">209826126           Geiger</subfield>
    </datafield>
    <datafield tag="106" ind1="x" ind2="">
      <subfield code="_">2008149</subfield>
      <subfield code="a">815</subfield>
      <subfield code="b">j</subfield>
      <subfield code="c">|Prof.</subfield>
    </datafield>
    <datafield tag="106" ind1="x" ind2="">
      <subfield code="_">2008149</subfield>
      <subfield code="a">815</subfield>
      <subfield code="b">a</subfield>
      <subfield code="c">1942 -</subfield>
    </datafield>
    <datafield tag="106" ind1="x" ind2="">
      <subfield code="_">2008149</subfield>
      <subfield code="a">815</subfield>
      <subfield code="b">c</subfield>
      <subfield code="c">208989609           Kitzingen</subfield>
    </datafield>
    <datafield tag="106" ind1="x" ind2="">
      <subfield code="_">2008149</subfield>
      <subfield code="a">816</subfield>
      <subfield code="b"> </subfield>
      <subfield code="c">Schoeck, Othmar: Serenade op. 1. - 1991</subfield>
    </datafield>
    <datafield tag="106" ind1="x" ind2="">
      <subfield code="_">2008149</subfield>
      <subfield code="a">816</subfield>
      <subfield code="b"> </subfield>
      <subfield code="c"><![CDATA[Spohr, Louis: Violin concerto nos. 2 &amp; 5. - 1993]]></subfield>
    </datafield>
    <datafield tag="106" ind1="x" ind2="">
      <subfield code="_">2008149</subfield>
      <subfield code="a">820</subfield>
      <subfield code="b">k</subfield>
      <subfield code="c">Hoelscher, Ulf</subfield>
    </datafield>
    <datafield tag="108" ind1="e" ind2="">
      <subfield code="a">Fr�hlich, Christian</subfield>
    </datafield>
    <datafield tag="110" ind1="b" ind2="">
      <subfield code="a">161025455</subfield>
    </datafield>
    <datafield tag="110" ind1="x" ind2="">
      <subfield code="_">2678761</subfield>
      <subfield code="a">###</subfield>
      <subfield code="b"> </subfield>
      <subfield code="c">00177nM2.01200024      p</subfield>
    </datafield>
    <datafield tag="110" ind1="x" ind2="">
      <subfield code="_">2678761</subfield>
      <subfield code="a">001</subfield>
      <subfield code="b"> </subfield>
      <subfield code="c">161025455</subfield>
    </datafield>
    <datafield tag="110" ind1="x" ind2="">
      <subfield code="_">2678761</subfield>
      <subfield code="a">002</subfield>
      <subfield code="b">a</subfield>
      <subfield code="c">19850101</subfield>
    </datafield>
    <datafield tag="110" ind1="x" ind2="">
      <subfield code="_">2678761</subfield>
      <subfield code="a">003</subfield>
      <subfield code="b"> </subfield>
      <subfield code="c">20031209000000</subfield>
    </datafield>
    <datafield tag="110" ind1="x" ind2="">
      <subfield code="_">2678761</subfield>
      <subfield code="a">030</subfield>
      <subfield code="b"> </subfield>
      <subfield code="c">zz1ucrz||||||</subfield>
    </datafield>
    <datafield tag="110" ind1="x" ind2="">
      <subfield code="_">2678761</subfield>
      <subfield code="a">065</subfield>
      <subfield code="b"> </subfield>
      <subfield code="c">b|||</subfield>
    </datafield>
    <datafield tag="110" ind1="x" ind2="">
      <subfield code="_">2678761</subfield>
      <subfield code="a">068</subfield>
      <subfield code="b">a</subfield>
      <subfield code="c">f</subfield>
    </datafield>
    <datafield tag="110" ind1="x" ind2="">
      <subfield code="_">2678761</subfield>
      <subfield code="a">080</subfield>
      <subfield code="b"> </subfield>
      <subfield code="c">PND</subfield>
    </datafield>
    <datafield tag="110" ind1="x" ind2="">
      <subfield code="_">2678761</subfield>
      <subfield code="a">800</subfield>
      <subfield code="b"> </subfield>
      <subfield code="c">Fr�hlich, Christian</subfield>
    </datafield>
    <datafield tag="110" ind1="x" ind2="">
      <subfield code="_">2678761</subfield>
      <subfield code="a">830</subfield>
      <subfield code="b"> </subfield>
      <subfield code="c">Froehlich, Ch.</subfield>
    </datafield>
    <datafield tag="110" ind1="x" ind2="">
      <subfield code="_">2678761</subfield>
      <subfield code="a">830</subfield>
      <subfield code="b"> </subfield>
      <subfield code="c">Fr�hlich, Chr.</subfield>
    </datafield>
    <datafield tag="200" ind1="e" ind2="">
      <subfield code="a"><![CDATA[Rundfunk-Sinfonieorchester &lt;Berlin&gt;]]></subfield>
    </datafield>
    <datafield tag="202" ind1="b" ind2="">
      <subfield code="a">194435733</subfield>
    </datafield>
    <datafield tag="202" ind1="x" ind2="">
      <subfield code="_">273289</subfield>
      <subfield code="a">###</subfield>
      <subfield code="b"> </subfield>
      <subfield code="c">00784nM2.01200024      k</subfield>
    </datafield>
    <datafield tag="202" ind1="x" ind2="">
      <subfield code="_">273289</subfield>
      <subfield code="a">001</subfield>
      <subfield code="b"> </subfield>
      <subfield code="c">194435733</subfield>
    </datafield>
    <datafield tag="202" ind1="x" ind2="">
      <subfield code="_">273289</subfield>
      <subfield code="a">002</subfield>
      <subfield code="b">a</subfield>
      <subfield code="c">19930519</subfield>
    </datafield>
    <datafield tag="202" ind1="x" ind2="">
      <subfield code="_">273289</subfield>
      <subfield code="a">003</subfield>
      <subfield code="b"> </subfield>
      <subfield code="c">20120425230000</subfield>
    </datafield>
    <datafield tag="202" ind1="x" ind2="">
      <subfield code="_">273289</subfield>
      <subfield code="a">028</subfield>
      <subfield code="b"> </subfield>
      <subfield code="c">5083672-9</subfield>
    </datafield>
    <datafield tag="202" ind1="x" ind2="">
      <subfield code="_">273289</subfield>
      <subfield code="a">028</subfield>
      <subfield code="b">b</subfield>
      <subfield code="c">5083672-9</subfield>
    </datafield>
    <datafield tag="202" ind1="x" ind2="">
      <subfield code="_">273289</subfield>
      <subfield code="a">030</subfield>
      <subfield code="b"> </subfield>
      <subfield code="c">za1ucrz||||||</subfield>
    </datafield>
    <datafield tag="202" ind1="x" ind2="">
      <subfield code="_">273289</subfield>
      <subfield code="a">036</subfield>
      <subfield code="b">c</subfield>
      <subfield code="c">XA-DE</subfield>
    </datafield>
    <datafield tag="202" ind1="x" ind2="">
      <subfield code="_">273289</subfield>
      <subfield code="a">040</subfield>
      <subfield code="b"> </subfield>
      <subfield code="c">14.1</subfield>
    </datafield>
    <datafield tag="202" ind1="x" ind2="">
      <subfield code="_">273289</subfield>
      <subfield code="a">068</subfield>
      <subfield code="b">a</subfield>
      <subfield code="c">f</subfield>
    </datafield>
    <datafield tag="202" ind1="x" ind2="">
      <subfield code="_">273289</subfield>
      <subfield code="a">068</subfield>
      <subfield code="b">a</subfield>
      <subfield code="c">m</subfield>
    </datafield>
    <datafield tag="202" ind1="x" ind2="">
      <subfield code="_">273289</subfield>
      <subfield code="a">068</subfield>
      <subfield code="b">e</subfield>
      <subfield code="c">z</subfield>
    </datafield>
    <datafield tag="202" ind1="x" ind2="">
      <subfield code="_">273289</subfield>
      <subfield code="a">068</subfield>
      <subfield code="b">e</subfield>
      <subfield code="c">m</subfield>
    </datafield>
    <datafield tag="202" ind1="x" ind2="">
      <subfield code="_">273289</subfield>
      <subfield code="a">076</subfield>
      <subfield code="b">z</subfield>
      <subfield code="c"><![CDATA[800 Rundfunk-Sinfonieorchester &lt;Berlin&gt;++5083672-9++gkd]]></subfield>
    </datafield>
    <datafield tag="202" ind1="x" ind2="">
      <subfield code="_">273289</subfield>
      <subfield code="a">080</subfield>
      <subfield code="b"> </subfield>
      <subfield code="c">GKD</subfield>
    </datafield>
    <datafield tag="202" ind1="x" ind2="">
      <subfield code="_">273289</subfield>
      <subfield code="a">800</subfield>
      <subfield code="b"> </subfield>
      <subfield code="c"><![CDATA[Rundfunk-Sinfonieorchester &lt;Berlin&gt;]]></subfield>
    </datafield>
    <datafield tag="202" ind1="x" ind2="">
      <subfield code="_">273289</subfield>
      <subfield code="a">805</subfield>
      <subfield code="b"> </subfield>
      <subfield code="c">1933-1948</subfield>
    </datafield>
    <datafield tag="202" ind1="x" ind2="">
      <subfield code="_">273289</subfield>
      <subfield code="a">805</subfield>
      <subfield code="b"> </subfield>
      <subfield code="c">1990, 3.10. -</subfield>
    </datafield>
    <datafield tag="202" ind1="x" ind2="">
      <subfield code="_">273289</subfield>
      <subfield code="a">810</subfield>
      <subfield code="b"> </subfield>
      <subfield code="c">Berliner Rundfunk-Sinfonieorchester</subfield>
    </datafield>
    <datafield tag="202" ind1="x" ind2="">
      <subfield code="_">273289</subfield>
      <subfield code="a">812</subfield>
      <subfield code="b"> </subfield>
      <subfield code="c">Gro�es Berliner Rundfunkorchester</subfield>
    </datafield>
    <datafield tag="202" ind1="x" ind2="">
      <subfield code="_">273289</subfield>
      <subfield code="a">814</subfield>
      <subfield code="b"> </subfield>
      <subfield code="c"><![CDATA[Berliner Rundfunk / Rundfunk-Sinfonieorchester &lt;1933 - 1948, 1990 -&gt;]]></subfield>
    </datafield>
    <datafield tag="202" ind1="x" ind2="">
      <subfield code="_">273289</subfield>
      <subfield code="a">816</subfield>
      <subfield code="b"> </subfield>
      <subfield code="c"><![CDATA[Deutschlandsender Kultur &lt;Berlin&gt; / Rundfunk-Sinfonieorchester]]></subfield>
    </datafield>
    <datafield tag="202" ind1="x" ind2="">
      <subfield code="_">273289</subfield>
      <subfield code="a">818</subfield>
      <subfield code="b"> </subfield>
      <subfield code="c"><![CDATA[Rundfunk Symphony Orchestra &lt;Berlin&gt;]]></subfield>
    </datafield>
    <datafield tag="202" ind1="x" ind2="">
      <subfield code="_">273289</subfield>
      <subfield code="a">820</subfield>
      <subfield code="b"> </subfield>
      <subfield code="c"><![CDATA[Berliner Rundfunk-Sinfonie-Orchester &lt;1933 - 1948, 1990 -&gt;]]></subfield>
    </datafield>
    <datafield tag="202" ind1="x" ind2="">
      <subfield code="_">273289</subfield>
      <subfield code="a">822</subfield>
      <subfield code="b"> </subfield>
      <subfield code="c"><![CDATA[Berliner Rundfunk-Symphonie-Orchester &lt;1933 - 1948, 1990 -&gt;]]></subfield>
    </datafield>
    <datafield tag="202" ind1="x" ind2="">
      <subfield code="_">273289</subfield>
      <subfield code="a">824</subfield>
      <subfield code="b"> </subfield>
      <subfield code="c">Orchester des Berliner Rundfunks</subfield>
    </datafield>
    <datafield tag="202" ind1="x" ind2="">
      <subfield code="_">273289</subfield>
      <subfield code="a">850</subfield>
      <subfield code="b">a</subfield>
      <subfield code="c"><![CDATA[Grosses Funkorchester &lt;Berlin&gt;]]></subfield>
    </datafield>
    <datafield tag="202" ind1="x" ind2="">
      <subfield code="_">273289</subfield>
      <subfield code="a">852</subfield>
      <subfield code="b">a</subfield>
      <subfield code="c">5061566-X</subfield>
    </datafield>
    <datafield tag="202" ind1="x" ind2="">
      <subfield code="_">273289</subfield>
      <subfield code="a">852</subfield>
      <subfield code="b">b</subfield>
      <subfield code="c">193796392</subfield>
    </datafield>
    <datafield tag="304" ind1=" " ind2="">
      <subfield code="a">Konzerte, Vl Orch</subfield>
    </datafield>
    <datafield tag="331" ind1=" " ind2="">
      <subfield code="a">The complete violin concertos</subfield>
    </datafield>
    <datafield tag="334" ind1=" " ind2="">
      <subfield code="a">Tontr�ger</subfield>
    </datafield>
    <datafield tag="359" ind1=" " ind2="">
      <subfield code="a">Louis Spohr</subfield>
    </datafield>
    <datafield tag="410" ind1=" " ind2="">
      <subfield code="a">Georgsmarienh�tte</subfield>
    </datafield>
    <datafield tag="412" ind1=" " ind2="">
      <subfield code="a">CPO-Musikproduktion</subfield>
    </datafield>
    <datafield tag="433" ind1=" " ind2="">
      <subfield code="a">6 CDs : DDD, stereo</subfield>
    </datafield>
    <datafield tag="435" ind1=" " ind2="">
      <subfield code="a">12 cm</subfield>
    </datafield>
    <datafield tag="437" ind1=" " ind2="">
      <subfield code="a">Beih</subfield>
    </datafield>
    <datafield tag="501" ind1=" " ind2="">
      <subfield code="a">Titel u. Best.-Nr. vom Schuber</subfield>
    </datafield>
    <datafield tag="518" ind1="a" ind2="">
      <subfield code="a"><![CDATA[Interpr.: Hoelscher, Ulf [Vl]. Rundfunk-Sinfonieorchester &lt;Berlin&gt;. Fr�hlich, Christian [Dir]. - Aufn.: 1992-1995. - P-Jahr auf dem Schuber: 1999]]></subfield>
    </datafield>
    <datafield tag="537" ind1=" " ind2="">
      <subfield code="a">bes: mahmhm</subfield>
    </datafield>
    <datafield tag="551" ind1="a" ind2="">
      <subfield code="a">Best.-Nr. cpo 999 657-2</subfield>
    </datafield>
    <datafield tag="710" ind1=" " ind2="">
      <subfield code="a">Violine, Orchester / Konzert</subfield>
    </datafield>
    <datafield tag="997" ind1=" " ind2="">
      <subfield code="a">o</subfield>
    </datafield>
    <datafield tag="998" ind1=" " ind2="">
      <subfield code="a">o</subfield>
    </datafield>
    <datafield tag="3001" ind1="" ind2="">
      <subfield code="a">7385679|702690333</subfield>
    </datafield>
    <datafield tag="3001" ind1="x" ind2="">
      <subfield code="_">7385679</subfield>
      <subfield code="a">###</subfield>
      <subfield code="b"> </subfield>
      <subfield code="c">00178cM2.01200024      l</subfield>
    </datafield>
    <datafield tag="3001" ind1="x" ind2="">
      <subfield code="_">7385679</subfield>
      <subfield code="a">001</subfield>
      <subfield code="b"> </subfield>
      <subfield code="c">702690333</subfield>
    </datafield>
    <datafield tag="3001" ind1="x" ind2="">
      <subfield code="_">7385679</subfield>
      <subfield code="a">002</subfield>
      <subfield code="b">a</subfield>
      <subfield code="c">20120202</subfield>
    </datafield>
    <datafield tag="3001" ind1="x" ind2="">
      <subfield code="_">7385679</subfield>
      <subfield code="a">003</subfield>
      <subfield code="b"> </subfield>
      <subfield code="c">20120202104036</subfield>
    </datafield>
    <datafield tag="3001" ind1="x" ind2="">
      <subfield code="_">7385679</subfield>
      <subfield code="a">012</subfield>
      <subfield code="b"> </subfield>
      <subfield code="c">274421720</subfield>
    </datafield>
    <datafield tag="3001" ind1="x" ind2="">
      <subfield code="_">7385679</subfield>
      <subfield code="a">030</subfield>
      <subfield code="b"> </subfield>
      <subfield code="c">||1u|||||||||</subfield>
    </datafield>
    <datafield tag="3001" ind1="x" ind2="">
      <subfield code="_">7385679</subfield>
      <subfield code="a">071</subfield>
      <subfield code="b"> </subfield>
      <subfield code="c">14</subfield>
    </datafield>
    <datafield tag="3001" ind1="x" ind2="">
      <subfield code="_">7385679</subfield>
      <subfield code="a">076</subfield>
      <subfield code="b">a</subfield>
      <subfield code="c">EFRE</subfield>
    </datafield>
    <datafield tag="3001" ind1="x" ind2="">
      <subfield code="_">7385679</subfield>
      <subfield code="a">076</subfield>
      <subfield code="b">a</subfield>
      <subfield code="c">KON5</subfield>
    </datafield>
    <datafield tag="3001" ind1="x" ind2="">
      <subfield code="_">7385679</subfield>
      <subfield code="a">080</subfield>
      <subfield code="b"> </subfield>
      <subfield code="c">DDSU</subfield>
    </datafield>
    <datafield tag="3001" ind1="x" ind2="">
      <subfield code="_">7385679</subfield>
      <subfield code="a">081</subfield>
      <subfield code="b"> </subfield>
      <subfield code="c"><![CDATA[Spohr, Louis &lt;P&gt;: Konzerte, Vl Orch]]></subfield>
    </datafield>
    </record>
   </metadata>
  </record>